%% This BibTeX bibliography file was created using BibDesk.
%% http://bibdesk.sourceforge.net/


%% Created for Shuai Zhao at 2014-09-28 13:00:38 -0500 


%% Saved with string encoding Unicode (UTF-8) 



@misc{netflow,
	Author = {Cisco NetFlow},
	Owner = {Jack},
	Timestamp = {2014.09.09},
	Title = {http://en.wikipedia.org/wiki/NetFlow}}

@inproceedings{zhao2014can,
	Author = {Zhao, Shuai and Leftwich, Kelsey and Owens, Matthew and Magrone, Frank and Schonemann, James and Anderson, Brian and Medhi, Deep},
	Booktitle = {Network Operations and Management Symposium (NOMS), 2014 IEEE},
	Organization = {IEEE},
	Pages = {1--7},
	Title = {I-CaN-MaMa: Integrated campus network monitoring and management},
	Year = {2014}}
